
@article{ahn2011flavor,
  title={Flavor network and the principles of food pairing},
  author={Ahn, Yong-Yeol and Ahnert, Sebastian E and Bagrow, James P and Barab{\'a}si, Albert-L{\'a}szl{\'o}},
  journal={Scientific Reports},
  volume={1},
  year={2011},
  publisher={Nature Publishing Group}
}

@article{assaf2008diffusion,
  title={Diffusion tensor imaging {(DTI)}-based white matter mapping in brain research: a review},
  author={Assaf, Yaniv and Pasternak, Ofer},
  journal={Journal of Molecular Neuroscience},
  volume={34},
  number={1},
  pages={51--61},
  year={2008},
  publisher={Springer}
}



@article{azevedo2009equal,
  title={Equal numbers of neuronal and nonneuronal cells make the human brain an isometrically scaled-up primate brain},
  author={Azevedo, Frederico AC and Carvalho, Ludmila RB and Grinberg, Lea T and Farfel, Jos{\'e} Marcelo and Ferretti, Renata EL and Leite, Renata EP and Lent, Roberto and Herculano-Houzel, Suzana and others},
  journal={Journal of Comparative Neurology},
  volume={513},
  number={5},
  pages={532--541},
  year={2009},
  publisher={Wiley Online Library}
}

@article{babadi2006coarse,
  title={Coarse-grained interaction potentials for anisotropic molecules},
  author={Babadi, M and Everaers, R and Ejtehadi, MR},
  journal={The Journal of Chemical Physics},
  volume={124},
  number={17},
  pages={174708},
  year={2006},
  publisher={AIP}
}

@article{bago1998architecture,
  title={Architecture and developmental dynamics of the external mycelium of the arbuscular mycorrhizal fungus Glomus intraradices grown under monoxenic conditions},
  author={Bago, Berta and Azc{\'o}n-Aguilar, Concepci{\'o}n and Pich{\'e}, Yves},
  journal={Mycologia},
  pages={52--62},
  year={1998},
  publisher={JSTOR}
}

@article{barabasi1999emergence,
  title={Emergence of scaling in random networks},
  author={Barab{\'a}si, Albert-L{\'a}szl{\'o} and Albert, R{\'e}ka},
  journal={Science},
  volume={286},
  number={5439},
  pages={509--512},
  year={1999},
  publisher={American Association for the Advancement of Science}
}

@article{barkan2010extracellular,
  title={Extracellular matrix: a gatekeeper in the transition from dormancy to metastatic growth},
  author={Barkan, Dalit and Green, Jeffrey E and Chambers, Ann F},
  journal={European journal of cancer},
  volume={46},
  number={7},
  pages={1181--1188},
  year={2010},
  publisher={Elsevier}
}

@article{barnes1986hierarchical,
  title={A hierarchical {$O(N log N)$} force-calculation algorithm},
  author={Barnes, Josh and Hut, Piet},
  journal={Nature},
  volume={324},
  number={6096},
  pages={446--449},
  year={1986}
}

@article{barthelemy2011spatial,
  title={Spatial networks},
  author={Barth{\'e}lemy, Marc},
  journal={Physics Reports},
  volume={499},
  number={1},
  pages={1--101},
  year={2011},
  publisher={Elsevier}
}

@book{barrat2008dynamical,
  title={Dynamical processes on complex networks},
  author={Barrat, Alain and Barthelemy, Marc and Vespignani, Alessandro},
  year={2008},
  publisher={Cambridge University Press}
}
%%%%%%%%%%%%%%%%%%%%%%%%%%% brain connections

@article{berne1972gaussian,
  title={Gaussian model potentials for molecular interactions},
  author={Berne, Bruce J and Pechukas, Philip},
  journal={The Journal of Chemical Physics},
  volume={56},
  number={8},
  pages={4213--4216},
  year={1972},
  publisher={AIP}
}

@article{beyer2006visual,
  title={Visual rating of white matter hyperintensities in Parkinson's disease},
  author={Beyer, Mona K and Aarsland, Dag and Greve, Ole Jacob and Larsen, Jan P},
  journal={Movement Disorders},
  volume={21},
  number={2},
  pages={223--229},
  year={2006},
  publisher={Wiley Online Library}
}

@article{bohnen2011white,
  title={White matter lesions in Parkinson disease},
  author={Bohnen, Nicolaas I and Albin, Roger L},
  journal={Nature Reviews Neurology},
  volume={7},
  number={4},
  pages={229--236},
  year={2011},
  publisher={Nature Publishing Group}
}

@article{bouchaud1998out,
  title={Out of equilibrium dynamics in spin-glasses and other glassy systems},
  author={Bouchaud, Jean-Philippe and Cugliandolo, Leticia F and Kurchan, Jorge and Mezard, Marc},
  journal={Spin glasses and random fields},
  pages={161--223},
  year={1998},
  publisher={World Scientific, Singapore}
}

@article{bullmore2012economy,
  title={The economy of brain network organization},
  author={Bullmore, Ed and Sporns, Olaf},
  journal={Nature Reviews Neuroscience},
  volume={13},
  number={5},
  pages={336--349},
  year={2012},
  publisher={Nature Publishing Group}
}

@book{caldarelli2012networks,
  title={Networks: A very short introduction},
  author={Caldarelli, Guido and Catanzaro, Michele},
  volume={335},
  year={2012},
  publisher={Oxford University Press}
}

@book{chaikin2000principles,
  title={Principles of condensed matter physics},
  author={Chaikin, Paul M and Lubensky, Tom C},
  year={2000},
  publisher={Cambridge University Press}
}

@article{cleaver1996extension,
  title={Extension and generalization of the Gay-Berne potential},
  author={Cleaver, Douglas J and Care, Christopher M and Allen, Michael P and Neal, Maureen P},
  journal={Physical Review E},
  volume={54},
  number={1},
  pages={559},
  year={1996},
  publisher={APS}
}

@book{cohen2010complex,
  title={Complex networks: structure, robustness and function},
  author={Cohen, Reuven and Havlin, Shlomo},
  year={2010},
  publisher={Cambridge University Press}
}

@article{compston2008ms,
  title={Multiple sclerosis},
  author={Compston, Alastair and Coles, Alasdair },
  journal={Lancet},
  volume={372},
  number={9648},
  pages={1502-17},
  year={2008},
  publisher={Elsevier}
}
%%%%%%%%%%%%%%%%%%%%%%%%%


@article{davis2003white,
  title={White matter changes in schizophrenia: evidence for myelin-related dysfunction},
  author={Davis, Kenneth L and Stewart, Daniel G and Friedman, Joseph I and Buchsbaum, Monte and Harvey, Philip D and Hof, Patrick R and Buxbaum, Joseph and Haroutunian, Vahram},
  journal={Archives of General Psychiatry},
  volume={60},
  number={5},
  pages={443--456},
  year={2003},
  publisher={American Medical Association}
}


@book{de1979scaling,
  title={Scaling concepts in polymer physics},
  author={De Gennes, Pierre-Gilles},
  year={1979},
  publisher={Cornell University Press}
}

@article{des1974lagrangian,
  title={Lagrangian theory for a self-avoiding random chain},
  author={Des Cloizeaux, J},
  journal={Physical Review A},
  volume={10},
  number={5},
  pages={1665},
  year={1974},
  publisher={APS}
}

@article{davidson1996drawing,
  title={Drawing graphs nicely using simulated annealing},
  author={Davidson, Ron and Harel, David},
  journal={ACM Transactions on Graphics (TOG)},
  volume={15},
  number={4},
  pages={301--331},
  year={1996},
  publisher={ACM}
}

@book{dorogovtsev2013evolution,
  title={Evolution of networks: From biological nets to the Internet and WWW},
  author={Dorogovtsev, Sergei N and Mendes, Jos{\'e} FF},
  year={2013},
  publisher={Oxford University Press}
}

@article{erdos1960connected,
  title={On the Strength of Connectedness of a Random Graph},
  author={{Erd\"os}, P. and {Renyi} A.},
  journal={~},
  year={1960}
}

@article{everaers2003interaction,
  title={Interaction potentials for soft and hard ellipsoids},
  author={Everaers, R and Ejtehadi, MR},
  journal={Physical Review E},
  volume={67},
  number={4},
  pages={041710},
  year={2003},
  publisher={APS}
}

@article{fortunato2010community,
  title={Community detection in graphs},
  author={Fortunato, Santo},
  journal={Physics reports},
  volume={486},
  number={3},
  pages={75--174},
  year={2010},
  publisher={Elsevier}
}

@article{friese1991spread,
  title={The spread of VA mycorrhizal fungal hyphae in the soil: inoculum types and external hyphal architecture},
  author={Friese, Carl F and Allen, Michael F},
  journal={Mycologia},
  pages={409--418},
  year={1991},
  publisher={JSTOR}
}

@article{fruchterman1991graph,
  title={Graph drawing by force-directed placement},
  author={Fruchterman, Thomas MJ and Reingold, Edward M},
  journal={Software: Practice and Experience},
  volume={21},
  number={11},
  pages={1129--1164},
  year={1991},
  publisher={Wiley Online Library}
}

@article{gay1981modification,
  title={Modification of the overlap potential to mimic a linear site--site potential},
  author={Gay, JG and Berne, BJ},
  journal={The Journal of Chemical Physics},
  volume={74},
  number={6},
  pages={3316--3319},
  year={1981},
  publisher={AIP}
}

@article{gibbs1958nature,
  title={Nature of the glass transition and the glassy state},
  author={Gibbs, Julian H and DiMarzio, Edmund A},
  journal={The Journal of Chemical Physics},
  volume={28},
  number={3},
  pages={373--383},
  year={1958},
  publisher={AIP}
}

@article{goedert1991tau,
  title={Tau proteins and neurofibrillary degeneration},
  author={Goedert, M and Spillantini, MG and Crowther, RA},
  journal={Brain pathology},
  volume={1},
  number={4},
  pages={279--286},
  year={1991},
  publisher={Wiley Online Library}
}

@article{goedert1992tau,
  title={Tau proteins of Alzheimer paired helical filaments: abnormal phosphorylation of all six brain isoforms},
  author={Goedert, Michel and Spillantini, MG and Cairns, NJ and Crowther, RA},
  journal={Neuron},
  volume={8},
  number={1},
  pages={159--168},
  year={1992},
  publisher={Elsevier}
}

@article{hattori2012cognitive,
  title={Cognitive status correlates with white matter alteration in Parkinson's disease},
  author={Hattori, Takaaki and Orimo, Satoshi and Aoki, Shigeki and Ito, Kenji and Abe, Osamu and Amano, Atsushi and Sato, Ryo and Sakai, Kasumi and Mizusawa, Hidehiro},
  journal={Human Brain Mapping},
  volume={33},
  number={3},
  pages={727--739},
  year={2012},
  publisher={Wiley Online Library}
}

@article{herculano2012remarkable,
  title={The remarkable, yet not extraordinary, human brain as a scaled-up primate brain and its associated cost},
  author={Herculano-Houzel, Suzana},
  journal={Proceedings of the National Academy of Sciences},
  volume={109},
  number={Supplement 1},
  pages={10661--10668},
  year={2012},
  publisher={National Acad Sciences}
}

@article{herculano2014brain,
  title={Brain scaling in mammalian evolution as a consequence of concerted and mosaic changes in numbers of neurons and average neuronal cell size},
  author={Herculano-Houzel, Suzana and Manger, Paul R and Kaas, Jon H},
  journal={Frontiers in Neuroanatomy},
  volume={8},
  pages={77},
  year={2014},
  publisher={Frontiers}
}

@article{hua2008tract,
  title={Tract probability maps in stereotaxic spaces: analyses of white matter anatomy and tract-specific quantification},
  author={Hua, Kegang and Zhang, Jiangyang and Wakana, Setsu and Jiang, Hangyi and Li, Xin and Reich, Daniel S and Calabresi, Peter A and Pekar, James J and van Zijl, Peter CM and Mori, Susumu},
  journal={Neuroimage},
  volume={39},
  number={1},
  pages={336--347},
  year={2008},
  publisher={Elsevier}
}

@article{hwang1988simulated,
  title={Simulated annealing: theory and applications},
  author={Hwang, Chii-Ruey},
  journal={Acta Applicandae Mathematicae},
  volume={12},
  number={1},
  pages={108--111},
  year={1988},
  publisher={Springer}
}

@book{irgens2008continuum,
  title={Continuum mechanics},
  author={Irgens, Fridtjov},
  year={2008},
  publisher={Springer Science \& Business Media}
}

@article{kabourov2015spring,
  title={Spring embedders and force directed graph drawing algorithms (2012)},
  author={Kabourov, S},
  journal={CoRR. abs/1201.3011},
  year={2015}
}

@article{kamada1989algorithm,
  title={An algorithm for drawing general undirected graphs},
  author={Kamada, Tomihisa and Kawai, Satoru},
  journal={Information Processing Letters},
  volume={31},
  number={1},
  pages={7--15},
  year={1989},
  publisher={Elsevier}
}

@article{kasthuri2015saturated,
  title={Saturated reconstruction of a volume of neocortex},
  author={Kasthuri, Narayanan and Hayworth, Kenneth Jeffrey and Berger, Daniel Raimund and Schalek, Richard Lee and Conchello, Jos{\'e} Angel and Knowles-Barley, Seymour and Lee, Dongil and V{\'a}zquez-Reina, Amelio and Kaynig, Verena and Jones, Thouis Raymond and others},
  journal={Cell},
  volume={162},
  number={3},
  pages={648--661},
  year={2015},
  publisher={Elsevier}
}

@article{kasthuri12015saturated,
  title={Saturated reconstruction of a volume of neocortex},
  author={Kasthuri, Narayanan and  Lichtman, Jeffrey and others},
  journal={Cell},
  volume={162},
  number={3},
  pages={648--661},
  year={2015},
  publisher={Elsevier}
}

@incollection{kirkpatrick1987optimization,
  title={Optimization by simulated annealing},
  author={Kirkpatrick, Scott and Gelatt Jr, C Daniel and Vecchi, Mario P},
  booktitle={Spin Glass Theory and Beyond: An Introduction to the Replica Method and Its Applications},
  pages={339--348},
  year={1987},
  publisher={World Scientific}
}

@article{kotter2001connectional,
  title={Connectional characteristics of areas in Walker's map of primate prefrontal cortex},
  author={K{\"o}tter, Rolf and Hilgetag, Claus C and Stephan, Klaas E},
  journal={Neurocomputing},
  volume={38},
  pages={741--746},
  year={2001},
  publisher={Elsevier}
}

@article{landau1986theory,
  title={Theory of Elasticity, vol. 7},
  author={Landau, Lev D and Lifshitz, EM},
  journal={Course of Theoretical Physics},
  volume={3},
  pages={109},
  year={1986},
  publisher={Elsevier, New York}
}

@article{le2001diffusion,
  title={Diffusion tensor imaging: concepts and applications},
  author={Le Bihan, Denis and Mangin, Jean-Fran{\c{c}}ois and Poupon, Cyril and Clark, Chris A and Pappata, Sabina and Molko, Nicolas and Chabriat, Hughes},
  journal={Journal of Magnetic Resonance Imaging},
  volume={13},
  number={4},
  pages={534--546},
  year={2001},
  publisher={Wiley Online Library}
}

@inproceedings{lennard1924determination,
  title={On the Determination of Molecular Fields},
  author={Lennard, JE and Jones, I},
  booktitle={Proc. R. Soc. London},
  volume={106},
  pages={441--477},
  year={1924}
}

@article{lim1999compromised,
  title={Compromised white matter tract integrity in schizophrenia inferred from diffusion tensor imaging},
  author={Lim, Kelvin O and Hedehus, Maj and Moseley, Michael and de Crespigny, Alexander and Sullivan, Edith V and Pfefferbaum, Adolf},
  journal={Archives of General Psychiatry},
  volume={56},
  number={4},
  pages={367--374},
  year={1999},
  publisher={American Medical Association}
}

@article{mergell2003modeling,
  title={Modeling DNA structure, elasticity, and deformations at the base-pair level},
  author={Mergell, Boris and Ejtehadi, Mohammad R and Everaers, Ralf},
  journal={Physical Review E},
  volume={68},
  number={2},
  pages={021911},
  year={2003},
  publisher={APS}
}

@article{menche2015uncovering,
  title={Uncovering disease-disease relationships through the incomplete interactome},
  author={Menche, J{\"o}rg and Sharma, Amitabh and Kitsak, Maksim and Ghiassian, Susan Dina and Vidal, Marc and Loscalzo, Joseph and Barab{\'a}si, Albert-L{\'a}szl{\'o}},
  journal={Science},
  volume={347},
  number={6224},
  pages={1257601},
  year={2015},
  publisher={American Association for the Advancement of Science}
}

@article{mezard1991replica,
  title={Replica field theory for random manifolds},
  author={M{\'e}zard, Marc and Parisi, Giorgio},
  journal={Journal de Physique I},
  volume={1},
  number={6},
  pages={809--836},
  year={1991},
  publisher={EDP Sciences}
}


@article{miller2007ms,
  title={Primary-progressive multiple sclerosis},
  author={Miller, David H and Leary, Siobhan M},
  journal={The Lancet Neurology},
  volume={6},
  number={10},
  pages={903--912},
  year={2007},
  publisher={Elsevier}
}

@article{miller2005ms,
  title={Clinically isolated syndromes suggestive of multiple sclerosis, part I: natural history, pathogenesis, diagnosis, and prognosis},
  author={Miller, David and Barkhof, Frederik and Montalban, Xavier and Thompson, Alan and Filippi, Massimo},
  journal={The Lancet Neurology},
  volume={4},
  number={5},
  pages={281--288},
  year={2005},
  publisher={Elsevier}
}

@article{mudher2002alzheimer,
  title={Alzheimer's disease--do tauists and baptists finally shake hands?},
  author={Mudher, Amritpal and Lovestone, Simon},
  journal={Trends in Neurosciences},
  volume={25},
  number={1},
  pages={22--26},
  year={2002},
  publisher={Elsevier}
}

@book{newman2010networks,
  title={Networks: an introduction},
  author={Newman, Mark},
  year={2010},
  publisher={Oxford University Press}
}

@article{noack2009modularity,
  title={Modularity clustering is force-directed layout},
  author={Noack, Andreas},
  journal={Physical Review E},
  volume={79},
  number={2},
  pages={026102},
  year={2009},
  publisher={APS}
}

@book{novikov1984,
  title={Modern geometry methods and applications. Part 1: The geometry and topology of manifolds (translated by RG Burns)},
  author = {Dubrovin, B.A. and Fomenko, A.T. and Novikov, S.P. },
  year=1984,
  publisher = {Springer-Verlag, Graduate Texts in Mathematics 104}
}

@article{o2002random,
  title={Random packings of frictionless particles},
  author={O'Hern, Corey S and Langer, Stephen A and Liu, Andrea J and Nagel, Sidney R},
  journal={Physical Review Letters},
  volume={88},
  number={7},
  pages={075507},
  year={2002},
  publisher={APS}
}
@article{o2003jamming,
  title={Jamming at zero temperature and zero applied stress: The epitome of disorder},
  author={O'Hern, Corey S and Silbert, Leonardo E and Liu, Andrea J and Nagel, Sidney R},
  journal={Physical Review E},
  volume={68},
  number={1},
  pages={011306},
  year={2003},
  publisher={APS}
}

@article{oh2014mesoscale,
  title={A mesoscale connectome of the mouse brain},
  author={Oh, Seung Wook and Harris, Julie A and Ng, Lydia and Winslow, Brent and Cain, Nicholas and Mihalas, Stefan and Wang, Quanxin and Lau, Chris and Kuan, Leonard and Henry, Alex M and others},
  journal={Nature},
  volume={508},
  number={7495},
  pages={207--214},
  year={2014},
  publisher={Nature Research}
}

@article{parisi2002physical,
  title={The physical Meaning of Replica Symmetry Breaking},
  author={Parisi, Giorgio},
  journal={arXiv preprint cond-mat/0205387},
  year={2002}
}

@article{pelissetto2002critical,
  title={Critical phenomena and renormalization-group theory},
  author={Pelissetto, Andrea and Vicari, Ettore},
  journal={Physics Reports},
  volume={368},
  number={6},
  pages={549--727},
  year={2002},
  publisher={Elsevier}
}

@article{raper2010cellular,
  title={Cellular strategies of axonal pathfinding},
  author={Raper, Jonathan and Mason, Carol},
  journal={Cold Spring Harbor perspectives in biology},
  volume={2},
  number={9},
  pages={a001933},
  year={2010},
  publisher={Cold Spring Harbor Lab}
}

@article{rivera2011wiring,
  title={Wiring economy and volume exclusion determine neuronal placement in the Drosophila brain},
  author={Rivera-Alba, Marta and Vitaladevuni, Shiv N and Mishchenko, Yuriy and Lu, Zhiyuan and Takemura, Shin-ya and Scheffer, Lou and Meinertzhagen, Ian A and Chklovskii, Dmitri B and de Polavieja, Gonzalo G},
  journal={Current Biology},
  volume={21},
  number={23},
  pages={2000--2005},
  year={2011},
  publisher={Elsevier}
}

@article{rubinov2015wiring,
  title={Wiring cost and topological participation of the mouse brain connectome},
  author={Rubinov, Mikail and Ypma, Rolf JF and Watson, Charles and Bullmore, Edward T},
  journal={Proceedings of the National Academy of Sciences},
  volume={112},
  number={32},
  pages={10032--10037},
  year={2015},
  publisher={National Acad Sciences}
}

@inproceedings{shulaker2014monolithic,
  title={Monolithic 3D integration of logic and memory: Carbon nanotube FETs, resistive RAM, and silicon FETs},
  author={Shulaker, Max M and Wu, Tony F and Pal, Asish and Zhao, Liang and Nishi, Yoshio and Saraswat, Krishna and Wong, H-S Philip and Mitra, Subhasish},
  booktitle={Electron Devices Meeting (IEDM), 2014 IEEE International},
  pages={27--4},
  year={2014},
  organization={IEEE}
}

@article{sigmundsson2001structural,
  title={Structural abnormalities in frontal, temporal, and limbic regions and interconnecting white matter tracts in schizophrenic patients with prominent negative symptoms},
  author={Sigmundsson, Thordur and Suckling, John and Maier, Michael and Williams, Steven CR and Bullmore, Edward T and Greenwood, Kathryn E and Fukuda, Rimmei and Ron, Maria A and Toone, Brian K},
  journal={American Journal of Psychiatry},
  volume={158},
  number={2},
  pages={234--243},
  year={2001},
  publisher={Am Psychiatric Assoc}
}

@article{sporns2004organization,
  title={Organization, development and function of complex brain networks},
  author={Sporns, Olaf and Chialvo, Dante R and Kaiser, Marcus and Hilgetag, Claus C},
  journal={Trends in Cognitive Sciences},
  volume={8},
  number={9},
  pages={418--425},
  year={2004},
  publisher={Elsevier Current Trends}
}

@article{stepanyants2002geometry,
  title={Geometry and structural plasticity of synaptic connectivity},
  author={Stepanyants, Armen and Hof, Patrick R and Chklovskii, Dmitri B},
  journal={Neuron},
  volume={34},
  number={2},
  pages={275--288},
  year={2002},
  publisher={Elsevier}
}

@article{stillinger1984packing,
  title={Packing structures and transitions in liquids and solids},
  author={Stillinger, Frank H and Weber, Thomas A},
  journal={Science(Washington, DC)},
  volume={225},
  number={4666},
  pages={983--9},
  year={1984}
}

@misc{tensorflow2015-whitepaper,
title={ {TensorFlow}: Large-Scale Machine Learning on Heterogeneous Systems},
url={https://www.tensorflow.org/},
note={Software available from tensorflow.org},
author={
    Mart\'{\i}n~Abadi and
    Ashish~Agarwal and
    Paul~Barham and
    Eugene~Brevdo and
    Zhifeng~Chen and
    Craig~Citro and
    Greg~S.~Corrado and
    Andy~Davis and
    Jeffrey~Dean and
    Matthieu~Devin and
    Sanjay~Ghemawat and
    Ian~Goodfellow and
    Andrew~Harp and
    Geoffrey~Irving and
    Michael~Isard and
    Yangqing Jia and
    Rafal~Jozefowicz and
    Lukasz~Kaiser and
    Manjunath~Kudlur and
    Josh~Levenberg and
    Dan~Man\'{e} and
    Rajat~Monga and
    Sherry~Moore and
    Derek~Murray and
    Chris~Olah and
    Mike~Schuster and
    Jonathon~Shlens and
    Benoit~Steiner and
    Ilya~Sutskever and
    Kunal~Talwar and
    Paul~Tucker and
    Vincent~Vanhoucke and
    Vijay~Vasudevan and
    Fernanda~Vi\'{e}gas and
    Oriol~Vinyals and
    Pete~Warden and
    Martin~Wattenberg and
    Martin~Wicke and
    Yuan~Yu and
    Xiaoqiang~Zheng},
  year={2015},
}

@article{ventura2013different,
  title={Different scaling of white matter volume, cortical connectivity, and gyrification across rodent and primate brains},
  author={Ventura-Antunes, Lissa and Mota, Bruno and Herculano-Houzel, Suzana},
  journal={Frontiers in neuroanatomy},
  volume={7},
  pages={3},
  year={2013},
  publisher={Frontiers}
}

@book{winkler,
    title={Vicious Walkers in One-body Potentials
    },
    author={{Winkler}, K.},
    journal={Master's Thesis, University of Manchester},
    year={2004}
}

@inproceedings{wong2007monolithic,
  title={Monolithic 3D integrated circuits},
  author={Wong, Simon and El, Abbas and Griffin, Peter and Nishi, Yoshio and Pease, Fabian and Plummer, James},
  booktitle={VLSI Technology, Systems and Applications, 2007. VLSI-TSA 2007. International Symposium on},
  pages={1--4},
  year={2007},
  organization={IEEE}
}


@article{zeeman1963unknotting,
  title={Unknotting combinatorial balls},
  author={Zeeman, E Christopher},
  journal={Annals of Mathematics},
  pages={501--526},
  year={1963},
  publisher={JSTOR}
}